<record><leader>00000cas a22000007a 4500</leader><controlfield tag="001">13180547</controlfield><controlfield tag="008">860221d18371845pauwr ne      0    0ger d</controlfield><datafield ind1=" " ind2=" " tag="010"><subfield code="a">sn 86081519 </subfield></datafield><datafield ind1=" " ind2=" " tag="040"><subfield code="a">NPH</subfield><subfield code="b">eng</subfield><subfield code="c">NPH</subfield><subfield code="d">NPX</subfield><subfield code="d">NPH</subfield><subfield code="d">OCLCQ</subfield></datafield><datafield ind1=" " ind2=" " tag="042"><subfield code="a">msc</subfield></datafield><datafield ind1="0" ind2="4" tag="245"><subfield code="a">Der Wahre Demokrat und Volks-Advokat.</subfield></datafield><datafield ind1="1" ind2="7" tag="246"><subfield code="a">Wahre Demokrat</subfield></datafield><datafield ind1=" " ind2=" " tag="260"><subfield code="a">Libanon [Pa.] :</subfield><subfield code="b">Joseph Hartman</subfield></datafield><datafield ind1=" " ind2=" " tag="300"><subfield code="a">v. ;</subfield><subfield code="c">53 cm.</subfield></datafield><datafield ind1=" " ind2=" " tag="310"><subfield code="a">Weekly</subfield></datafield><datafield ind1="1" ind2=" " tag="362"><subfield code="a">Began in 1837? Ceased in 1845?</subfield><subfield code="z">Cf. Arndt &amp; Olson. German lang. press.</subfield></datafield><datafield ind1=" " ind2=" " tag="515"><subfield code="a">Jahrg. 24, nr. 1196 (Feb. 27, 1839) misdated (1. Merz 1839) in publisher's statement.</subfield></datafield><datafield ind1=" " ind2=" " tag="588"><subfield code="a">Description based on: Jahrg. 24, Nr. 1196 (27. Feb. 1839).</subfield></datafield><datafield ind1=" " ind2=" " tag="752"><subfield code="a">United States</subfield><subfield code="b">Pennsylvania</subfield><subfield code="c">Lebanon</subfield><subfield code="d">Lebanon.</subfield></datafield><datafield ind1="0" ind2="0" tag="780"><subfield code="t">Pennsylvanische Beobachter. Und wahre Demokrat von Libanon Caunty</subfield><subfield code="w">(DLC)sn 86053706</subfield></datafield><datafield ind1="0" ind2="0" tag="785"><subfield code="t">Wahre Demokrat (Lebanon, Pa.)</subfield><subfield code="w">(DLC)sn 86081492</subfield></datafield></record>